<collection xmlns="http://www.loc.gov/MARC21/slim">
<record>
  <leader>02766nam0a2200445 i 450 </leader>
  <controlfield tag="001">IT\ICCU\CNCE\027780</controlfield>
  <controlfield tag="005">20111229000000.0</controlfield>
  <datafield tag="012" ind1=" " ind2=" ">
    <subfield code="a">sir- i-si erle HIdi (3) 1586 (R)</subfield>
    <subfield code="2">fei</subfield>
  </datafield>
  <datafield tag="100" ind1=" " ind2=" ">
    <subfield code="a">19971030d1586        0itac0103    ba</subfield>
  </datafield>
  <datafield tag="101" ind1=" " ind2=" ">
    <subfield code="a">ITA</subfield>
  </datafield>
  <datafield tag="102" ind1=" " ind2=" ">
    <subfield code="a">IT</subfield>
  </datafield>
  <datafield tag="200" ind1="1" ind2=" ">
    <subfield code="a">Trattato del r. padre Giorgio Scherer theologo della Compagnia di Gies,̮ e predicatore del serenis. arciduca Ernesto d&apos;Austria. Nel quale con verissime ragioni proua non esser vero, che gi ̉sia stato in Roma vna donna pontefice. Tradotto dalla lingua tedesca nell&apos;italiana da Nicol ̣Pierio</subfield>
  </datafield>
  <datafield tag="210" ind1=" " ind2=" ">
    <subfield code="a">In Venetia</subfield>
    <subfield code="c">appresso i Gioliti</subfield>
    <subfield code="d">1586</subfield>
  </datafield>
  <datafield tag="215" ind1=" " ind2=" ">
    <subfield code="a">\6!, 48, \2! p.</subfield>
    <subfield code="d">8ʻ</subfield>
  </datafield>
  <datafield tag="620" ind1=" " ind2=" ">
    <subfield code="a">IT</subfield>
    <subfield code="d">Venezia</subfield>
  </datafield>
  <datafield tag="700" ind1=" " ind2="1">
    <subfield code="a">Scherer,</subfield>
    <subfield code="b">Georg</subfield>
    <subfield code="3">IT\ICCU\CNCA\008449</subfield>
  </datafield>
  <datafield tag="702" ind1=" " ind2="1">
    <subfield code="a">Pierio,</subfield>
    <subfield code="b"></subfield>
    <subfield code="3">IT\ICCU\CNCA\008450</subfield>
  </datafield>
  <datafield tag="712" ind1="0" ind2="0">
    <subfield code="a">Giolito De Ferrari, Giovanni &lt;2.&gt; &amp; Giolito De Ferrari, Giovanni Paolo</subfield>
    <subfield code="3">IT\ICCU\CNCT\002436</subfield>
    <subfield code="4">650</subfield>
  </datafield>
  <datafield tag="791" ind1="0" ind2="0">
    <subfield code="a">Giolito De Ferrari, Giovanni Paolo</subfield>
    <subfield code="3">IT\ICCU\CNCT\000849</subfield>
    <subfield code="z">Giolito De Ferrari, Giovanni &lt;2.&gt; &amp; Giolito De Ferrari, Giovanni Paolo</subfield>
  </datafield>
  <datafield tag="801" ind1=" " ind2="3">
    <subfield code="a">IT</subfield>
    <subfield code="b">ICCU</subfield>
    <subfield code="c">20201114</subfield>
  </datafield>
  <datafield tag="899" ind1=" " ind2=" ">
    <subfield code="a">Biblioteca universitaria. Bologna</subfield>
    <subfield code="1">BO0098</subfield>
    <subfield code="2">UBO BU</subfield>
  </datafield>
  <datafield tag="899" ind1=" " ind2=" ">
    <subfield code="a">Biblioteca statale. Cremona</subfield>
    <subfield code="z">MUTILO</subfield>
    <subfield code="1">CR0062</subfield>
    <subfield code="2">LO1 28</subfield>
  </datafield>
  <datafield tag="899" ind1=" " ind2=" ">
    <subfield code="a">Biblioteca Apostolica Vaticana. Citt ̉del Vaticano</subfield>
    <subfield code="1">EX0001</subfield>
    <subfield code="2">ZCV 01</subfield>
  </datafield>
  <datafield tag="899" ind1=" " ind2=" ">
    <subfield code="a">Biblioteca del Seminario arcivescovile maggiore. Firenze</subfield>
    <subfield code="1">FI0056</subfield>
    <subfield code="2">RT1 QM</subfield>
  </datafield>
  <datafield tag="899" ind1=" " ind2=" ">
    <subfield code="a">Biblioteca Riccardiana. Firenze</subfield>
    <subfield code="1">FI0094</subfield>
    <subfield code="2">CFI RF</subfield>
  </datafield>
  <datafield tag="899" ind1=" " ind2=" ">
    <subfield code="a">Biblioteca nazionale centrale. Firenze</subfield>
    <subfield code="1">FI0098</subfield>
    <subfield code="2">CFI CF</subfield>
  </datafield>
  <datafield tag="899" ind1=" " ind2=" ">
    <subfield code="a">Biblioteca universitaria. Genova</subfield>
    <subfield code="z">MUTILO</subfield>
    <subfield code="1">GE0038</subfield>
    <subfield code="2">LIG 01</subfield>
  </datafield>
  <datafield tag="899" ind1=" " ind2=" ">
    <subfield code="a">Biblioteca nazionale Braidense. Milano</subfield>
    <subfield code="1">MI0185</subfield>
    <subfield code="2">MIL NB</subfield>
  </datafield>
  <datafield tag="899" ind1=" " ind2=" ">
    <subfield code="a">Biblioteca nazionale Vittorio Emanuele III. Napoli</subfield>
    <subfield code="1">NA0079</subfield>
    <subfield code="2">NAP BN</subfield>
  </datafield>
  <datafield tag="899" ind1=" " ind2=" ">
    <subfield code="a">Biblioteca universitaria. Pisa</subfield>
    <subfield code="1">PI0112</subfield>
    <subfield code="2">PIS R1</subfield>
  </datafield>
  <datafield tag="899" ind1=" " ind2=" ">
    <subfield code="a">Biblioteca Palatina. Parma</subfield>
    <subfield code="1">PR0072</subfield>
    <subfield code="2">PAR PA</subfield>
  </datafield>
  <datafield tag="899" ind1=" " ind2=" ">
    <subfield code="a">Biblioteca nazionale centrale. Roma</subfield>
    <subfield code="1">RM0267</subfield>
    <subfield code="2">BVE CR</subfield>
  </datafield>
  <datafield tag="899" ind1=" " ind2=" ">
    <subfield code="a">Biblioteca romana. Roma</subfield>
    <subfield code="1">RM0275</subfield>
    <subfield code="2">RMR AC</subfield>
  </datafield>
  <datafield tag="899" ind1=" " ind2=" ">
    <subfield code="a">Biblioteca Angelica. Roma</subfield>
    <subfield code="1">RM0290</subfield>
    <subfield code="2">RML 06</subfield>
  </datafield>
  <datafield tag="899" ind1=" " ind2=" ">
    <subfield code="a">Biblioteca della Citt ̉Metropolitana di Roma Capitale. Roma</subfield>
    <subfield code="1">RM1233</subfield>
    <subfield code="2">RMS RP</subfield>
  </datafield>
  <datafield tag="899" ind1=" " ind2=" ">
    <subfield code="a">Biblioteca Reale. Torino</subfield>
    <subfield code="1">TO0263</subfield>
    <subfield code="2">TO0 07</subfield>
  </datafield>
  <datafield tag="899" ind1=" " ind2=" ">
    <subfield code="a">Biblioteca civica. Vercelli</subfield>
    <subfield code="1">VC0073</subfield>
    <subfield code="2">TO0 A2</subfield>
  </datafield>
  <datafield tag="911" ind1=" " ind2=" ">
    <subfield code="a">Nel coloph.</subfield>
    <subfield code="9">IT\ICCU\CNCM\000274</subfield>
  </datafield>
  <datafield tag="921" ind1=" " ind2=" ">
    <subfield code="a">IT\ICCU\CNCM\001937</subfield>
    <subfield code="b">Fenice su fiamme che si sprigionano da anfora recante le iniziali G.G.F. Nella cornice del frontespizio</subfield>
    <subfield code="e">Semper eadem</subfield>
    <subfield code="c">U536</subfield>
    <subfield code="d">Dimensioni: 5,3 x 4,8</subfield>
    <subfield code="f">FENICE</subfield>
    <subfield code="f">ANFORA</subfield>
    <subfield code="f">GGF</subfield>
    <subfield code="g">1546-1587</subfield>
  </datafield>
  <datafield tag="921" ind1=" " ind2=" ">
    <subfield code="a">IT\ICCU\CNCM\000274</subfield>
    <subfield code="b">Fenice su fiamme che si sprigionano da anfora recante le iniziali G.G.F.  In cornice figurata</subfield>
    <subfield code="e">De la mia morte eterna vita i vivo. - Semper eadem</subfield>
    <subfield code="c">Z536</subfield>
    <subfield code="d">Dimensioni: 4 x 4,7</subfield>
    <subfield code="f">DELAMIAMOR</subfield>
    <subfield code="f">FENICE</subfield>
    <subfield code="f">FIAMME</subfield>
    <subfield code="f">GGF</subfield>
    <subfield code="f">SEMPEREADE</subfield>
    <subfield code="g">1572-1599</subfield>
  </datafield>
</record>
</collection>
